@inproceedings{youtube,
	author = {Alan Mislove and Massimiliano Marcon and Krishna P. Gummadi and Peter Druschel and Bobby Bhattacharjee},
	title = {{Measurement and Analysis of Online Social Networks}},
	booktitle = {Proceedings of the 5th ACM/Usenix Internet Measurement Conference (IMC'07)},
	address = {San Diego, CA},
	month = {October},
	year = {2007}
}

@article{congress,
	author = {Clio Andris and David Lee and Marcus J Hamilton and Mauro Martino and Christian E Gunning and John Armistead Selden},
	title = {The Rise of Partisanship and Super-Cooperators in the U.S. House of Representatives},
	journal = {PLOS ONE},
	volume = {10},
	issue = {4},
	year = {2015}
}
@article{scikit-learn,
	title={Scikit-learn: Machine Learning in {P}ython},
	author={Pedregosa, F. and Varoquaux, G. and Gramfort, A. and Michel, V.
	and Thirion, B. and Grisel, O. and Blondel, M. and Prettenhofer, P.
	and Weiss, R. and Dubourg, V. and Vanderplas, J. and Passos, A. and
	Cournapeau, D. and Brucher, M. and Perrot, M. and Duchesnay, E.},
	journal={Journal of Machine Learning Research},
	volume={12},
	pages={2825--2830},
	year={2011}
}

@inproceedings{DBLP,
	author = {J. Yang and J. Leskovec},
	title = { Defining and Evaluating Network Communities based on Ground-truth},
	booktitle = {ICDM},
	year = {2012}
}

@misc{SNAP,
	author       = {Jure Leskovec and Andrej Krevl},
	title        = {{SNAP Datasets}: {Stanford} Large Network Dataset Collection},
	howpublished = {\url{http://snap.stanford.edu/data}},
	month        = jun,
	year         = 2014
}

@misc{louvain,
	author = {Vincent D. Blondel and Jean-Loup Guillaume and Renaud Lambiotte and Etienne Lefebvre},
	title = {Fast unfolding of communities in large networks},
	howpublished = {arXiv:0803.0476v2},
	month = jul,
	year = {2008},
}

@article{Mod,
	author = {M. Girvan and M. E. J. Newman},
	title = {Finding and evaluating community structure in networks},
	journal = {Phys. Rev. E},
	year = {2004}
}

@article{NP,
	author = {Ulrik Brandes and Daniel Delling and Marco Gaertler and Robert Gorke and Martin Hoefer and Zoran Nikoloski and Dorthea Wagner},
	title = {On modularity clustering},
	journal = {IEEE Transactions on Knowledge and Data Engineering},
	month = feb,
	year = {2008}
}

@article{EVC,
	author = {Phillip Bonacich and Paulette Lloyd},
	title = {Eigenvector-like measures of centrality for asymmetric relations},
	journal = {Social Networks},
	year = {2001}
}

@article{spectral,
	author = {M. E. J. Newman},
	title = {Finding community structure in networks using the eigenvectors of matrices},
	journal = {Phys. Rev. E},
	volume = {74},
	year = {2006}
}

@article{simpleMM2,
	author = {M. E. J. Newman},
	title = {Modularity and community structure in newtworks},
	journal = {Proc. Natl. Acad. Sci.},
	volume = {103},
	number = {23},
	year = {2006}
}

@article{katz,
	author = {L. Katz},
	title = {A new status index derived from sociometric analysis},
	journal = {Psychometrika},
	volume={18},
	year = {1953}	
}

@inproceedings{amazon,
	author = {J. McAuley and C. Targett and J. Shi and A. van den Hengle},
	title = {Image-based recommendations on styles and substitutes},
	booktitle = {SIGIR},
	year = {2015}
}

@article{BA,
	author = {Albert Lorenz Barab\'asi and R. Albert},
	title = {Emergence of scaling in random networks},
	journal = {Science},
	volume = {286},
	year = {1999}
}

@article{ER,
	author = {P Erd\H{o}s and A R\'enyi},
	title = {On the evolution of random graphs},
	journal = {Publications of the Mathematical Institute of the Hungarian Academy of Sciences},
	volume = {5},
	year = {1960}
}

@misc{Leider,
	author = {Vincent Traag and Ludo Waltman and Nees Jan van Eck},
	title = {From Louvain to Leiden: guaranteeing well-connected communities},
	howpublished = {arxiv:1810.08473v1},
	month = oct,
	year = {2018}
}

@misc{alpha,
	author = {Rumi Ghosh and Kristina Lerman},
	title = {A Parameterized Centrality Metric for Network Analysis},
	howpublished = {arxiv:1010.4247v1},
	month = oct,
	year = {2010}
}



